@book{SuttonBarto,
  author = {Sutton, R.S. and Barto, A.G.},
  publisher = {Cambridge Univ Press},
  timestamp = {2012-12-29T01:25:01.000+0100},
  title = {Reinforcement learning: An introduction},
  year = 1998
}

@misc{director,
  author = "Pat Marion",
  title = "Director: A robotics interface and visualization framework",
  year = 2015,
  url = "http://github.com/RobotLocomotion/director"
}

@INPROCEEDINGS{Smart00practicalreinforcement,
    author = {William D. Smart and Leslie Pack Kaelbling},
    title = {Practical Reinforcement Learning in Continuous Spaces},
    booktitle = {},
    year = {2000},
    pages = {903--910},
    publisher = {Morgan Kaufmann}
}

@inproceedings{Roberts11,
    author = {John Roberts and Ian Manchester and Russ Tedrake},
    title = {Feedback controller parameterizations for reinforcement learning},
    booktitle = {2011 IEEE Symposium on Adaptive Dynamic Programming and Reinforcement Learning (ADPRL)},
    year = {2011}
}

